<?xml version="1.0" encoding="UTF-8"?><collection xmlns="http://www.loc.gov/MARC21/slim"><record><leader>00346nam--2200121-i-4500</leader><controlfield tag="001">000026784</controlfield><controlfield tag="002">20161230</controlfield><controlfield tag="005">20161230201036</controlfield><controlfield tag="008">060222s1000------------r-----000-0-eng-d</controlfield><datafield ind1=" " ind2=" " tag="100"><subfield code="a">Klewe, H.R.J</subfield></datafield><datafield ind1=" " ind2=" " tag="245"><subfield code="a">Interference between power systems and telecommunication lines</subfield></datafield><datafield ind1=" " ind2=" " tag="260"><subfield code="a">London, Edward Arnold Publ.Ltd., 1958, Viii + 253p</subfield></datafield><datafield ind1=" " ind2=" " tag="852"><subfield code="a">14917</subfield></datafield></record></collection>